<?xml version="1.0" encoding="UTF-8"?><collection><record><leader>05365ntm a2200565 a 4500</leader><controlfield tag="001">006804995</controlfield><controlfield tag="003">MiAaHDL</controlfield><controlfield tag="005">20190719000000.0</controlfield><controlfield tag="006">m        d        </controlfield><controlfield tag="007">cr bn ---auaua</controlfield><controlfield tag="008">090529q15731574xx            00| ||ara d</controlfield><datafield tag="035" ind1=" " ind2=" "><subfield code="a">(MiU)006804995</subfield></datafield><datafield tag="035" ind1=" " ind2=" "><subfield code="a">sdr-miu006804995</subfield></datafield><datafield tag="040" ind1=" " ind2=" "><subfield code="a">MiU</subfield><subfield code="c">MiU</subfield><subfield code="e">amremm</subfield></datafield><datafield tag="043" ind1=" " ind2=" "><subfield code="a">n-us-mi</subfield></datafield><datafield tag="100" ind1="1" ind2=" "><subfield code="6">880-01</subfield><subfield code="a">Burūsawī, Yaʻqūb ibn ʻAlī,</subfield><subfield code="d">-1524 or 1525.</subfield></datafield><datafield tag="245" ind1="1" ind2="0"><subfield code="6">880-03</subfield><subfield code="a">Ḥāshiyat Ibn Sayyid ʻAlī ʻalá Sayyid al-Farāʼiḍ,</subfield><subfield code="f">[981, i.e. 1573 or 1574].</subfield></datafield><datafield tag="246" ind1="3" ind2=" "><subfield code="i">Title from inscription on front flyleaf (p.5):</subfield><subfield code="a">حاشية ابن سيد علي</subfield></datafield><datafield tag="246" ind1="3" ind2=" "><subfield code="i">Title from inscription on upper cover:</subfield><subfield code="a">هذا كتاب بن سيد علي</subfield></datafield><datafield tag="246" ind1="3" ind2=" "><subfield code="i">Edge title (tail):</subfield><subfield code="a">حاشية بن سيد علي على الفرايض</subfield></datafield><datafield tag="260" ind1=" " ind2=" "><subfield code="c">[1573 or 1574].</subfield></datafield><datafield tag="300" ind1=" " ind2=" "><subfield code="a">70 leaves :</subfield><subfield code="b">paper ;</subfield><subfield code="c">182 x 140 (135-150 x 80-95) mm.</subfield></datafield><datafield tag="500" ind1=" " ind2=" "><subfield code="a">Shelfmark: Ann Arbor, University of Michigan, Special Collections Library, Isl. Ms. 574</subfield></datafield><datafield tag="500" ind1=" " ind2=" "><subfield code="a">Origin: As appears at close on p.146, transcription completed 981 [1573 or 4].</subfield></datafield><datafield tag="500" ind1=" " ind2=" "><subfield code="a">Accompanying materials: a. Inventory cataloguing slip in hand of Winifred Smeaton Thomas (pp.1-2) -- b. Acquisitions slip from Yahuda (pp.3-4).</subfield></datafield><datafield tag="500" ind1=" " ind2=" "><subfield code="a">Former shelfmark: From interior of upper cover and spine label "IL 95" (likely supplied by Yahuda, see acquisitions slip) ; possible former shelfmark on head edge.</subfield></datafield><datafield tag="500" ind1=" " ind2=" "><subfield code="a">Binding: Pasteboards now covered in layers of laid paper (including manuscript 'waste') with dark red-brown leather over spine and edges/turn-ins ; Type II binding (with flap, though now lost) ; board linings in untinted paper (including manuscript 'waste') ; sewn in heavy cream thread, two stations ; worked chevron endbands in blue and cream, damaged with significant losses at head and tail ; overall in quite poor condition with flap lost, significant abrasion and staining, lifting and losses of paper and leather, delamination of boards, etc. ; housed in box for protection.</subfield></datafield><datafield tag="500" ind1=" " ind2=" "><subfield code="a">Support: European laid paper ; opening type with 11 laid lines per cm. (vertical), chain lines spaced 24 and 32-33 mm. apart (horizontal), and watermark of teardrop shape with cross (see p.16, 17, 110, etc.), transluscent, thin and crisp though sturdy, well-burnished ; another type with 9 laid lines per cm. (vertical), chain lines spaced 32-33 mm. apart (horizontal), and hand or glove watermark (possibly with flower above, see p.72, 90, etc.), thicker and sturdier than previous type ; staining and tide lines.</subfield></datafield><datafield tag="500" ind1=" " ind2=" "><subfield code="a">Decoration: Keywords rubricated (from p.55 to close).</subfield></datafield><datafield tag="500" ind1=" " ind2=" "><subfield code="a">Script: Naskh with influence of nastaʻlīq (talik) ; clear Turkish hand (possibly more than one) ; serifless with effect of tilt to left or right, slight effect of words descending to baseline, pointing in strokes rather than distinct dots, freely ligatured.</subfield></datafield><datafield tag="500" ind1=" " ind2=" "><subfield code="a">Layout: Written in 17-19 lines per page (layout changes at p.107).</subfield></datafield><datafield tag="500" ind1=" " ind2=" "><subfield code="a">Collation: i, 7 V(70) ; exclusively quinions ; catchwords present ; pagination in pencil, Western numerals, supplied during digitization (includes inserts).</subfield></datafield><datafield tag="500" ind1=" " ind2=" "><subfield code="a">Explicit: "في جميع ذلك مع علي رضي الله عنه وعن باقي الصحابة اجمعين مع جميع المسلمين امين تمت تاريخ سنة ٩۸۱"</subfield></datafield><datafield tag="500" ind1=" " ind2=" "><subfield code="a">Incipit: "الحمد لله الذي جعل العلم هداية للعالمين وزين به صدور العالمين ... ويقول العبد الضعيف ... يعقوب بن سيد علي ... لما رأيت شرح الاستاذ العلامة ... السيد الشريف الجرجاني ... يحتاج الى حل مواضع مغلقة وكشف مواقع معضلة كتبت هذه الاوراق مستعينا بالملك الخلاق ..."</subfield></datafield><datafield tag="500" ind1=" " ind2=" "><subfield code="a">Title from inscriptions on front flyleaf (p.5) and 'title page' (p.7).</subfield></datafield><datafield tag="500" ind1=" " ind2=" "><subfield code="a">Ms. codex.</subfield></datafield><datafield tag="510" ind1="4" ind2=" "><subfield code="a">Ḥājjī Khalīfah. Kashf alẓunūn,</subfield><subfield code="c">iv, 402</subfield></datafield><datafield tag="510" ind1="4" ind2=" "><subfield code="a">Brockelmann, C. GAL,</subfield><subfield code="c">I 379</subfield></datafield><datafield tag="520" ind1="8" ind2=" "><subfield code="a">Clear copy of the gloss by Yaʻqūb ibn Sayyid ʻAlī al-Burūsawī (d.1524) upon the commentary by al-Sayyid al-Sharīf ʻAlī ibn Muḥammad al-Jurjānī (d.1413) on the celebrated work on the law of inheritance by Sirāj al-Dīn Muḥammad ibn Muḥammad al-Sajāwandī (fl. 12th cent.).</subfield></datafield><datafield tag="538" ind1=" " ind2=" "><subfield code="a">Mode of access: Internet.</subfield></datafield><datafield tag="541" ind1=" " ind2=" "><subfield code="a">Acquired in 1926 from the bookseller Isaac Benjamin S.E. Yahuda via purchase transacted on his behalf by Abraham Shalom Yahuda (1877-1951), his younger brother.</subfield></datafield><datafield tag="546" ind1=" " ind2=" "><subfield code="a">Arabic.</subfield></datafield><datafield tag="561" ind1=" " ind2=" "><subfield code="a">A few excerpts and notes on upper and lower board linings and front flyleaf.</subfield></datafield><datafield tag="600" ind1="1" ind2="0"><subfield code="a">Jurjānī, ʻAlī ibn Muḥammad,</subfield><subfield code="c">al-Sayyid al-Sharīf,</subfield><subfield code="d">1340-1413.</subfield><subfield code="t">Farāʼiḍ al-Sharīfīyah.</subfield></datafield><datafield tag="600" ind1="1" ind2="0"><subfield code="a">Sajāwandī, Sirāj al-Dīn Muḥammad ibn Muḥammad,</subfield><subfield code="d">active 12th century.</subfield><subfield code="t">Farāʼiḍ al-Sirājīyah.</subfield></datafield><datafield tag="650" ind1=" " ind2="0"><subfield code="a">Manuscripts, Arabic</subfield><subfield code="z">Michigan</subfield><subfield code="z">Ann Arbor.</subfield></datafield><datafield tag="650" ind1=" " ind2="0"><subfield code="a">Inheritance and succession (Islamic law)</subfield><subfield code="v">Early works to 1800.</subfield></datafield><datafield tag="773" ind1="0" ind2=" "><subfield code="a">Yahuda Collection.</subfield></datafield><datafield tag="880" ind1="1" ind2="0"><subfield code="6">245-03/</subfield><subfield code="a">حاشية ابن سيد علي على سيد الفرائض,</subfield><subfield code="f">[981ه, 1573 او 1574م].</subfield></datafield><datafield tag="880" ind1="1" ind2=" "><subfield code="6">100-01/</subfield><subfield code="a">بروسوي، يعقوب بن علي</subfield></datafield><datafield tag="CID" ind1=" " ind2=" "><subfield code="a">006804995</subfield></datafield><datafield tag="DAT" ind1="0" ind2=" "><subfield code="a">20190719102636.0</subfield><subfield code="b">20190719000000.0</subfield></datafield><datafield tag="DAT" ind1="1" ind2=" "><subfield code="a">20190719090653.0</subfield><subfield code="b">2019-07-19T16:11:34Z</subfield></datafield><datafield tag="DAT" ind1="2" ind2=" "><subfield code="a">2015-10-02T18:00:03Z</subfield></datafield><datafield tag="CAT" ind1=" " ind2=" "><subfield code="a">SDR-MIU</subfield><subfield code="d">EX LIBRIS - ALEPH</subfield><subfield code="l">prepare.pl-004-008</subfield></datafield><datafield tag="FMT" ind1=" " ind2=" "><subfield code="a">BK</subfield></datafield><datafield tag="HOL" ind1=" " ind2=" "><subfield code="0">sdr-miu006804995</subfield><subfield code="a">MiU</subfield><subfield code="b">SDR</subfield><subfield code="c">MIU</subfield><subfield code="p">mdp.39015079127018</subfield><subfield code="s">MIU</subfield><subfield code="1">006804995</subfield></datafield><datafield tag="974" ind1=" " ind2=" "><subfield code="b">MIU</subfield><subfield code="c">MIU</subfield><subfield code="d">20190719</subfield><subfield code="s">lit-dlps-dc</subfield><subfield code="u">mdp.39015079127018</subfield><subfield code="y">1574</subfield><subfield code="r">pd</subfield><subfield code="q">bib</subfield><subfield code="t">non-US bib date2 &lt; 1879</subfield></datafield></record></collection>